<?xml version="1.0" encoding="UTF-8"?><collection xmlns="http://www.loc.gov/MARC21/slim"><record><leader>00365nam--2200145-i-4500</leader><controlfield tag="001">000036576</controlfield><controlfield tag="002">20161230</controlfield><controlfield tag="005">20161230201041</controlfield><controlfield tag="008">060222s1000------------r-----000-0-eng-d</controlfield><datafield ind1=" " ind2=" " tag="080"><subfield code="a">621.52</subfield></datafield><datafield ind1=" " ind2=" " tag="100"><subfield code="a">Power, B.D</subfield></datafield><datafield ind1=" " ind2=" " tag="245"><subfield code="a">High vacuum pumping equipment</subfield></datafield><datafield ind1=" " ind2=" " tag="260"><subfield code="a">London, Chapman And Hall Ltd., 1966, Xi + 412p</subfield></datafield><datafield ind1=" " ind2=" " tag="490"><subfield code="a">High Vacuum Series</subfield></datafield><datafield ind1=" " ind2=" " tag="852"><subfield code="a">24636</subfield></datafield></record></collection>